@inproceedings{tan2017breast,
  title={Breast cancer detection using convolutional neural networks for mammogram imaging system},
  author={Tan, YJ and Sim, KS and Ting, FF},
  booktitle={2017 International Conference on Robotics, Automation and Sciences (ICORAS)},
  pages={1--5},
  year={2017},
  organization={IEEE}
}